%% This BibTeX bibliography file was created using BibDesk.
%% http://bibdesk.sourceforge.net/


%% Created for christian at 2015-03-05 16:55:51 -0800 


%% Saved with string encoding Unicode (UTF-8) 



@article{Garciade2009,
	Author = {Garc{\'\i}a, M. and Parra, B.},
	Journal = {in Studies in Computational Intelligence, Evolutionary Design of Intelligent Systems in Modeling, Simulation and Control},
	Publisher = {{S.B.} Heidelberg, Editor},
	Title = {A Hybrid Recommender System Architecture for Learning Objects},
	Year = {2009}}

@article{Garciade2008,
	Author = {Garc{\'\i}a, M.},
	Journal = {in Studies in Computational Intelligence, Evolutionary Design of Intelligent Systems in Modeling, Simulation and Control},
	Publisher = {Departamento de Ciencias Qu{\'\i}micas e Ingenier{\'\i}a. Universidad Aut{\'o}noma de Baja California. Tijuana, {B.C.}, M{\'e}xico},
	Title = {Aprendizaje colaborativo basado en recursos adaptativos},
	Year = {2008}}

@article{TakagiSugeno1983,
	Author = {Takagi, T. and Sugeno, M.},
	Journal = {In Proceedings of the IFAC Symposium on Fuzzy Information Representation and Decision Analysis},
	Title = {Derivation of fuzzy control rules from human operator's control actions}}

@article{Zadeh1973,
	Author = {Zadeh, L.},
	Journal = {{IEEE} Transactions on Systems, Man, Cybernetics},
	Number = {1},
	Title = {Outline of a new approach to the analysis of complex systems and decisions processes},
	Volume = {{SMC-3}},
	Year = {1973}}

@article{Takagi1985,
	Author = {Takagi, T. and Sugeno, M.},
	Journal = {{IEEE} Transactions on Systems., Man, Cybernetics},
	Number = {1},
	Title = {Fuzzy identification of systems and its applications to modeling and control},
	Volume = {{SMC-15}},
	Year = {1985}}
